@article{kauffman1987towards,
  title={Towards a general theory of adaptive walks on rugged landscapes},
  author={Kauffman, Stuart and Levin, Simon},
  journal={Journal of theoretical Biology},
  volume={128},
  number={1},
  pages={11--45},
  year={1987},
  publisher={Elsevier}
}
